%% This BibTeX bibliography file was created using BibDesk.
%% http://bibdesk.sourceforge.net/


%% Created for Lauro Cesar Araujo at 2013-08-21 10:57:09 -0300 


%% Saved with string encoding Unicode (UTF-8) 



@book{ibge1993,
  Address = {Rio de Janeiro},
  Author = {IBGE},
  Date-Added = {2013-08-21 13:56:10 +0000},
  Date-Modified = {2013-08-21 13:56:10 +0000},
  Edition = {3},
  Organization = {http://biblioteca.ibge.gov.br/visualizacao/livros/liv23907.pdf},
  Publisher = {Centro de Documenta{\c c}{\~a}o e Dissemina{\c c}{\~a}o de Informa{\c c}{\~o}es. Funda{\c c}{\~a}o Intituto Brasileiro de Geografia e Estat{\'\i}stica},
  Title = {Normas de apresenta{\c c}{\~a}o tabular},
  Urlaccessdate = {21 ago 2013},
  Year = {1993}}

@misc{abntex2-wiki-como-customizar,
  Author = {abnTeX2},
  Date-Added = {2013-03-23 21:39:21 +0000},
  Date-Modified = {2013-03-23 21:44:20 +0000},
  Howpublished = {Wiki do abnTeX2},
  Keywords = {wiki},
  Title = {Como customizar o abnTeX2},
  Url = {https://code.google.com/p/abntex2/wiki/ComoCustomizar},
  Urlaccessdate = {23 mar. 2013},
  Year = {2013},
  Bdsk-Url-1 = {https://code.google.com/p/abntex2/wiki/ComoCustomizar}}

@manual{talbot2012,
  Author = {Nicola L.C. Talbot},
  Date-Added = {2013-03-11 12:06:04 +0000},
  Date-Modified = {2013-03-11 12:06:56 +0000},
  Month = {Nov.},
  Title = {User Manual for glossaries.sty},
  Url = {http://mirrors.ctan.org/macros/latex/contrib/glossaries/glossaries-user.pdf},
  Urlaccessdate = {11 mar. 2013},
  Year = {2012},
  Bdsk-Url-1 = {http://mirrors.ctan.org/macros/latex/contrib/glossaries/glossaries-user.pdf}}

@manual{babel,
  Author = {Johannes Braams},
  Date-Added = {2013-02-17 13:37:14 +0000},
  Date-Modified = {2013-02-17 13:38:38 +0000},
  Month = {Apr.},
  Title = {Babel, a multilingual package for use with LATEX's standard document classes},
  Url = {http://mirrors.ctan.org/info/babel/babel.pdf},
  Urlaccessdate = {17 fev. 2013},
  Year = {2008},
  Bdsk-Url-1 = {http://mirrors.ctan.org/info/babel/babel.pdf}}

@manual{abntex2modelo-artigo,
  Annote = {Este documento {\'e} derivado do \cite{abnt-bibtex-doc}},
  Author = {abnTeX2},
  Date-Added = {2013-01-15 00:10:35 +0000},
  Date-Modified = {2013-02-04 12:05:47 +0000},
  Organization = {Equipe abnTeX2},
  Title = {Modelo Can{\^o}nico de Artigo Cient{\'\i}fico com abnTeX2},
  Url = {http://abntex2.googlecode.com/},
  Year = {2013},
  Bdsk-Url-1 = {http://code.google.com/p/abntex2/}}

@manual{abntex2modelo-relatorio,
  Annote = {Este documento {\'e} derivado do \cite{abnt-bibtex-doc}},
  Author = {abnTeX2},
  Date-Added = {2013-01-15 00:05:34 +0000},
  Date-Modified = {2013-02-04 12:05:50 +0000},
  Organization = {Equipe abnTeX2},
  Title = {Modelo Can{\^o}nico de Relat{\'o}rio T{\'e}cnico e/ou Cient{\'\i}fico com abnTeX2},
  Url = {http://abntex2.googlecode.com/},
  Year = {2013},
  Bdsk-Url-1 = {http://code.google.com/p/abntex2/}}

@manual{abntex2modelo,
  Annote = {Este documento {\'e} derivado do \cite{abnt-bibtex-doc}},
  Author = {abnTeX2},
  Date-Added = {2013-01-12 22:55:32 +0000},
  Date-Modified = {2013-02-04 12:05:54 +0000},
  Organization = {Equipe abnTeX2},
  Title = {Modelo Can{\^o}nico de Trabalho Acad{\^e}mico com abnTeX2},
  Url = {http://abntex2.googlecode.com/},
  Year = {2013},
  Bdsk-Url-1 = {http://code.google.com/p/abntex2/}}

@mastersthesis{araujo2012,
  Address = {Bras{\'\i}lia},
  Author = {Lauro C{\'e}sar Araujo},
  Date-Added = {2013-01-09 11:04:42 +0000},
  Date-Modified = {2013-01-09 11:04:42 +0000},
  Month = {mar.},
  School = {Universidade de Bras{\'\i}lia},
  Subtitle = {uma perspectiva de {A}rquitetura da {I}nforma{\c c}{\~a}o da {E}scola de {B}ras{\'\i}lia},
  Title = {Configura{\c c}{\~a}o},
  Year = {2012}}

@manual{memoir,
  Address = {Normandy Park, WA},
  Author = {Peter Wilson and Lars Madsen},
  Date-Added = {2013-01-09 10:37:50 +0000},
  Date-Modified = {2013-03-21 13:23:25 +0000},
  Organization = {The Herries Press},
  Title = {The Memoir Class for Configurable Typesetting - User Guide},
  Url = {http://mirrors.ctan.org/macros/latex/contrib/memoir/memman.pdf},
  Urlaccessdate = {19 dez. 2012},
  Year = {2010},
  Bdsk-Url-1 = {http://ctan.tche.br/macros/latex/contrib/memoir/memman.pdf}}

@manual{abntex2cite-alf,
  Annote = {Este documento {\'e} derivado do \cite{abnt-bibtex-alf-doc}},
  Author = {abnTeX2 and Lauro C{\'e}sar Araujo},
  Date-Added = {2013-01-09 10:37:45 +0000},
  Date-Modified = {2013-04-05 11:03:05 +0000},
  Organization = {Equipe abnTeX2},
  Title = {O pacote abntex2cite: t{\'o}picos espec{\'\i}ficos da ABNT NBR 10520:2002 e o estilo bibliogr{\'a}fico alfab{\'e}tico (sistema autor-data)},
  Url = {http://abntex2.googlecode.com/},
  Year = {2013},
  Bdsk-Url-1 = {http://code.google.com/p/abntex2/}}

@manual{abntex2cite,
  Annote = {Este documento {\'e} derivado do \cite{abnt-bibtex-doc}},
  Author = {abnTeX2 and Lauro C{\'e}sar Araujo},
  Date-Added = {2013-01-09 10:37:45 +0000},
  Date-Modified = {2013-04-05 10:47:36 +0000},
  Organization = {Equipe abnTeX2},
  Title = {O pacote abntex2cite: Estilos bibliogr{\'a}ficos compat{\'\i}veis com a ABNT NBR 6023},
  Url = {http://abntex2.googlecode.com/},
  Year = {2013},
  Bdsk-Url-1 = {http://code.google.com/p/abntex2/}}

@manual{abntex2classe,
  Author = {abnTeX2 and Lauro C{\'e}sar Araujo},
  Date-Added = {2013-01-09 10:37:38 +0000},
  Date-Modified = {2013-04-05 11:03:48 +0000},
  Organization = {Equipe abnTeX2},
  Title = {A classe abntex2: Modelo can{\^o}nico de trabalhos acad{\^e}micos brasileiros compat{\'\i}vel com as normas ABNT NBR 14724:2011, ABNT NBR 6024:2012 e outras},
  Url = {http://abntex2.googlecode.com/},
  Year = {2013},
  Bdsk-Url-1 = {http://code.google.com/p/abntex2/}}

@manual{NBR10520:2002,
  Address = {Rio de Janeiro},
  Date-Added = {2012-12-15 21:43:38 +0000},
  Date-Modified = {2013-01-12 22:17:20 +0000},
  Month = {ago.},
  Org-Short = {ABNT},
  Organization = {Associa{\c c}\~ao Brasileira de Normas T\'ecnicas},
  Pages = 7,
  Subtitle = {Informa{\c c}\~ao e documenta{\c c}\~ao --- Apresenta{\c c}\~ao de cita{\c c}\~oes em documentos},
  Title = {{NBR} 10520},
  Year = 2002}

@manual{NBR6024:2012,
  Address = {Rio de Janeiro},
  Date-Added = {2012-12-15 21:24:06 +0000},
  Date-Modified = {2012-12-15 21:24:28 +0000},
  Month = {fev.},
  Org-Short = {ABNT},
  Organization = {Associa{\c c}\~ao Brasileira de Normas T\'ecnicas},
  Pages = 4,
  Subtitle = {Numera{\c c}\~ao progressiva das se{\c c}\~oes de um documento},
  Title = {{NBR} 6024},
  Year = 2012}

@manual{NBR6028:2003,
  Address = {Rio de Janeiro},
  Date-Added = {2012-12-15 21:02:12 +0000},
  Date-Modified = {2012-12-15 21:02:50 +0000},
  Month = {nov.},
  Org-Short = {ABNT},
  Organization = {Associa{\c c}\~ao Brasileira de Normas T\'ecnicas},
  Pages = 2,
  Subtitle = {Resumo - Apresenta{\c c}{\~a}o},
  Title = {{NBR} 6028},
  Year = 2003}

@manual{NBR14724:2001,
  Address = {Rio de Janeiro},
  Date-Added = {2012-12-15 20:34:08 +0000},
  Date-Modified = {2012-12-15 20:34:08 +0000},
  Month = {jul.},
  Org-Short = {ABNT},
  Organization = {Associa{\c c}\~ao Brasileira de Normas T\'ecnicas},
  Pages = 6,
  Subtitle = {Informa{\c c}\~ao e documenta{\c c}\~ao --- trabalhos acad\^emicos --- apresenta{\c c}\~ao},
  Title = {{NBR} 14724},
  Year = 2001}

@manual{NBR14724:2002,
  Address = {Rio de Janeiro},
  Date-Added = {2012-12-15 20:34:17 +0000},
  Date-Modified = {2012-12-15 20:34:17 +0000},
  Month = {ago.},
  Org-Short = {ABNT},
  Organization = {Associa{\c c}\~ao Brasileira de Normas T\'ecnicas},
  Pages = 6,
  Subtitle = {Informa{\c c}\~ao e documenta{\c c}\~ao --- trabalhos acad\^emicos --- apresenta{\c c}\~ao},
  Title = {{NBR} 14724},
  Year = 2002}

@manual{NBR14724:2005,
  Address = {Rio de Janeiro},
  Date-Added = {2012-12-15 20:34:08 +0000},
  Date-Modified = {2012-12-15 20:35:25 +0000},
  Month = {dez.},
  Org-Short = {ABNT},
  Organization = {Associa{\c c}\~ao Brasileira de Normas T\'ecnicas},
  Pages = 9,
  Subtitle = {Informa{\c c}\~ao e documenta{\c c}\~ao --- trabalhos acad\^emicos --- apresenta{\c c}\~ao},
  Title = {{NBR} 14724},
  Year = 2005}

@manual{NBR14724:2011,
  Address = {Rio de Janeiro},
  Date-Added = {2012-12-15 20:34:08 +0000},
  Date-Modified = {2012-12-15 20:35:25 +0000},
  Month = {mar.},
  Note = {Substitui a Ref.~\citeonline{NBR14724:2005}},
  Org-Short = {ABNT},
  Organization = {Associa{\c c}\~ao Brasileira de Normas T\'ecnicas},
  Pages = 15,
  Subtitle = {Informa{\c c}\~ao e documenta{\c c}\~ao --- trabalhos acad\^emicos --- apresenta{\c c}\~ao},
  Title = {{NBR} 14724},
  Year = 2011}

@article{van86,
  Author = {{van}, Gigch, John P. and Leo L. Pipino},
  Journal = {Future Computing Systems},
  Number = {1},
  Pages = {71-97},
  Title = {In search for a paradigm for the discipline of information systems},
  Volume = {1},
  Year = {1986}}

@phdthesis{guizzardi2005,
  Address = {Enschede, The Netherlands},
  Author = {Giancarlo Guizzardi},
  Date-Added = {2012-04-23 11:35:28 +0000},
  Date-Modified = {2012-04-23 11:35:28 +0000},
  School = {Centre for Telematics and Information Technology, University of Twente},
  Title = {Ontological Foundations for Structural Conceptual Models},
  Url = {http://www.loa.istc.cnr.it/Guizzardi/SELMAS-CR.pdf},
  Urlaccessdate = {3 jul. 2011},
  Year = {2005},
  Bdsk-Url-1 = {http://www.loa.istc.cnr.it/Guizzardi/SELMAS-CR.pdf}}

@mastersthesis{macedo2005,
  Author = {Fl{\'a}via L. Macedo},
  Date-Added = {2012-04-23 11:35:13 +0000},
  Date-Modified = {2012-04-23 11:35:13 +0000},
  Keywords = {arquitetura da informa{\c c}{\~a}o},
  School = {Universidade de Bras{\'\i}lia},
  Title = {Arquitetura da Informa{\c c}{\~a}o: aspectos espistemol{\'o}gicos, cient{\'\i}ficos e pr{\'a}ticos.},
  Type = {Disserta{\c c}{\~a}o de Mestrado},
  Year = {2005}}

@manual{EIA649B,
  Address = {EUA},
  Date-Added = {2012-04-23 11:34:59 +0000},
  Date-Modified = {2012-04-23 11:34:59 +0000},
  Keywords = {norma},
  Month = {June},
  Organization = {TechAmerica},
  Title = {ANSI/EIA 649-B: Configuration Management Standard},
  Year = {2011}}

@inproceedings{masolo2010,
  Author = {Claudio Masolo},
  Booktitle = {Proceedings of the Twelfth International Conference on the Principles of Knowledge Representation and Reasoning (KR 2010)},
  Date-Added = {2012-04-23 11:34:38 +0000},
  Date-Modified = {2012-04-23 11:34:38 +0000},
  Editor = {Lin, F. and Sattler, U.},
  Pages = {258-268},
  Publisher = {AAAI Press},
  Title = {Understanding Ontological Levels},
  Url = {http://wiki.loa-cnr.it/Papers/kr10v0.7.pdf},
  Urlaccessdate = {2 jan. 2012},
  Year = {2010},
  Bdsk-Url-1 = {http://wiki.loa-cnr.it/Papers/kr10v0.7.pdf}}

@inbook{guarino1995,
  Address = {Vienna},
  Author = {Nicola Guarino},
  Booktitle = {Philosophy and the Cognitive Science},
  Date-Added = {2012-04-23 11:34:29 +0000},
  Date-Modified = {2012-04-23 11:34:29 +0000},
  Editor = {R. Casati and B. Smith and G. White},
  Month = {Sept.},
  Pages = {443-456},
  Publisher = {Holder-Pivhler-Tempsky},
  Title = {The Ontological Level},
  Url = {http://wiki.loa-cnr.it/Papers/OntLev.pdf},
  Urlaccessdate = {2 jan. 2012},
  Year = {1995},
  Bdsk-Url-1 = {http://wiki.loa-cnr.it/Papers/OntLev.pdf}}

@incollection{bates2010,
  Address = {New York},
  Author = {Marcia J. Bates},
  Booktitle = {Encyclopedia of Library and Information Sciences},
  Date-Added = {2012-04-23 11:34:29 +0000},
  Date-Modified = {2012-04-23 11:34:29 +0000},
  Edition = {3rd},
  Editor = {Marcia J. Bates and Mary Niles Maack},
  Pages = {2347-2360},
  Publisher = {CRC Press},
  Title = {Information},
  Url = {http://pages.gseis.ucla.edu/faculty/bates/articles/information.html},
  Urlaccessdate = {24 out. 2011},
  Volume = {3},
  Year = {2010},
  Bdsk-Url-1 = {http://pages.gseis.ucla.edu/faculty/bates/articles/information.html}}

@book{doxiadis1965,
  Author = {Constantinos A. Doxiadis},
  Date-Added = {2012-04-23 11:34:20 +0000},
  Date-Modified = {2012-04-23 11:34:20 +0000},
  Publisher = {Ceira - Coimbra},
  Title = {Arquitetura em Transi{\c c}{\~a}o},
  Year = {1965}}

@book{dewey1980,
  Address = {New York, NY, USA},
  Author = {John Dewey},
  Date-Added = {2012-04-23 11:34:16 +0000},
  Date-Modified = {2012-04-23 11:34:16 +0000},
  Publisher = {Perigee Books},
  Title = {Art as Experience},
  Year = {1980}}

@article{FuzzyClusteringSurvey,
  abstract      = {This paper is a survey of fuzzy set theory applied in cluster analysis. These fuzzy clustering algorithms have been widely studied and applied in a variety of substantive areas. They also become the major techniques in cluster analysis. In this paper, we give a survey of fuzzy clustering in three categories. The first category is the fuzzy clustering based on fuzzy relation. The second one is the fuzzy clustering based on objective function. Finally, we give an overview of a nonparametric classifier. That is the fuzzy generalized k-nearest neighbor rule. {\textcopyright} 1993.},
  author        = {Yang, M. S.},
  doi           = {10.1016/0895-7177(93)90202-A},
  file          = {:C$\backslash$:/Users/Vini/AppData/Local/Mendeley Ltd./Mendeley Desktop/Downloaded/Yang - 1993 - A survey of fuzzy clustering.pdf:pdf},
  issn          = {08957177},
  journal       = {Mathematical and Computer Modelling},
  keywords      = {Cluster analysis,Cluster validity,Clustering,Fuzzy Clustering,Fuzzy c-means,Fuzzy c-partitions,Fuzzy clustering,Fuzzy generalized k-nearest neighbor rule,Fuzzy relation},
  mendeley-tags = {Clustering,Fuzzy Clustering},
  month         = {dec},
  number        = {11},
  pages         = {1--16},
  publisher     = {Pergamon},
  title         = {{A survey of fuzzy clustering}},
  url           = {https://www.sciencedirect.com/science/article/pii/089571779390202A},
  volume        = {18},
  year          = {1993}
}
@article{G-DBSCAN,
  abstract = {With the advent of Web 2.0, we see a new and differentiated scenario: There is more data than that can be effectively analyzed. Organizing this data has become one of the biggest problems in Computer Science. Many algorithms have been proposed for this purpose, highlighting those related to the Data Mining area, specifically the clustering algorithms. However, these algorithms are still a computational challenge because of the volume of data that needs to be processed. We found in the literature some proposals to make these algorithms feasible, and, recently, those related to parallelization on graphics processing units (GPUs) have presented good results. In this work we present the G-DBSCAN, a GPU parallel version of one of the most widely used clustering algorithms, the DBSCAN. Although there are other parallel versions of this algorithm, our technique distinguishes itself by the simplicity with which the data are indexed, using graphs, allowing various parallelization opportunities to be explored. In our evaluation we show that the G-DBSCAN using GPU, can be over 100x faster than its sequential version using CPU. {\textcopyright} 2013 The Authors. Published by Elsevier B.V.},
  author   = {Andrade, Guilherme and Ramos, Gabriel and Madeira, Daniel and Sachetto, Rafael and Ferreira, Renato and Rocha, Leonardo},
  doi      = {10.1016/j.procs.2013.05.200},
  issn     = {18770509},
  journal  = {Procedia Computer Science},
  keywords = {Clustering,Dbscan,GPU,Parallel computing},
  pages    = {369--378},
  title    = {{G-DBSCAN: A GPU accelerated algorithm for density-based clustering}},
  url      = {https://core.ac.uk/download/pdf/82372021.pdf},
  volume   = {18},
  year     = {2013}
}
@article{GPU-accelerated-K-Means,
  abstract = {Clustering approaches are widely used methodologies to analyse large data sets. The K-means algorithm is well-known as a procedure too computational-intensive for the large data analytic problem. In this work, we focus on a parallel technique to reduce the execution time when the K-means is used to cluster large dataset. We exploit computational powerful of its design when the Graphic Processor Units (GPUs), a massively parallel architecture, is adopted. We optimize the proposed implementation to handle (i) the space limitation issue of GPUs; (ii) the host-device data transfer time. Experimental results, on real and synthetic data, show how our parallelization approach give good results in terms of execution time and speed-up.},
  author   = {Cuomo, S. and {De Angelis}, V. and Farina, G. and Marcellino, L. and Toraldo, G.},
  doi      = {10.1016/j.compeleceng.2017.12.002},
  issn     = {00457906},
  journal  = {Computers and Electrical Engineering},
  keywords = {Clustering,Graphic Processor Units,K-means,Parallel processing},
  pages    = {262--274},
  title    = {{A GPU-accelerated parallel K-means algorithm}},
  volume   = {75},
  year     = {2019}
}
@article{parChainHAC2021,
  author        = {Shangdi Yu and Yiqiu Wang and Yan Gu and Laxman Dhulipala and Julian Shun},
  title         = {ParChain: {A} Framework for Parallel Hierarchical Agglomerative Clustering using Nearest-Neighbor Chain},
  journal       = {CoRR},
  volume        = {abs/2106.04727},
  year          = {2021},
  month         = jun,
  doi = {10.48550/arXiv.2106.04727},
  url           = {https://arxiv.org/abs/2106.04727},
  eprinttype    = {arXiv},
  eprint        = {2106.04727},
  timestamp     = {Tue, 15 Jun 2021 16:35:15 +0200},
  biburl        = {https://dblp.org/rec/journals/corr/abs-2106-04727.bib},
  bibsource     = {dblp computer science bibliography, https://dblp.org}
}
@article{SoManyClustAlg,
  abstract      = {We argue that there are many clustering algorithms, because the notion of "cluster" cannot be precisely defined. Clustering is in the eye of the beholder, and as such, researchers have proposed many induction principles and models whose corresponding optimization problem can only be approximately solved by an even larger number of algorithms. Therefore, comparing clustering algorithms, must take into account a careful understanding of the inductive principles involved.},
  author        = {Estivill-Castro, Vladimir},
  doi           = {10.1145/568574.568575},
  issn          = {19310145},
  journal       = {ACM SIGKDD Explorations Newsletter},
  keywords      = {Clustering,Clustering Algorithms,General,clustering,clustering criterion,inductive principle},
  mendeley-tags = {Clustering,Clustering Algorithms,General},
  month         = {jun},
  number        = {1},
  pages         = {65--75},
  publisher     = {ACM},
  title         = {{Why so many clustering algorithms}},
  url           = {http://portal.acm.org/citation.cfm?doid=568574.568575},
  volume        = {4},
  year          = {2002}
}
@book{dataMining2012-preface,
  title     = {Data Mining: Concepts and Techniques},
  booktitle = {Data Mining: Concepts and Techniques},
  author    = {Han, Jiawei and Kamber, Micheline and Pei, Jian},
  publisher = {Elsevier},
  isbn      = {9780123814791},
  pages     = {xxiii},
  url       = {https://myweb.sabanciuniv.edu/rdehkharghani/files/2016/02/The-Morgan-Kaufmann-Series-in-Data-Management-Systems-Jiawei-Han-Micheline-Kamber-Jian-Pei-Data-Mining.-Concepts-and-Techniques-3rd-Edition-Morgan-Kaufmann-2011.pdf},
  year      = {2012}
}
@misc{CUDAZone,
  abstract      = {CUDA{\textregistered} is a parallel computing platform and programming model developed by NVIDIA for general computing on graphical processing units (GPUs). With CUDA, developers are able to dramatically speed up computing applications by harnessing the power of GPUs. In GPU-accelerated applications, the sequential part of the workload runs on the CPU – which is optimized for single-threaded performance – while the compute intensive portion of the application runs on thousands of GPU cores in parallel. When using CUDA, developers program in popular languages such as C, C++, Fortran, Python and MATLAB and express parallelism through extensions in the form of a few basic keywords.},
  author        = {{NVIDIA Corporation}},
  booktitle     = {Nvidia},
  keywords      = {CUDA Documentation,NVIDIA,cuda},
  mendeley-tags = {CUDA Documentation,NVIDIA,cuda},
  title         = {{CUDA Zone}},
  url           = {https://developer.nvidia.com/cuda-zone},
  timestamp     = {2019-12-10},
  year          = {2018}
}
@article{Amdahl-Law,
  abstract  = {The availability of high-performance, low-cost microprocessors has removed one of the obstacles to construction of multiprocessor systems which are cost-performance competitive from entry levels through large systems. Advances in understanding of computer structure and focus on multiprocessor design practices has removed the performance bottlenecks associated with multiprocessor systems of the past. Better understanding of multiprocessor scheduling and synchronization in the symmetric Pool Processor Architecture built on the portable base of the UNIX system interface has removed the obstacle to easy application of multiprocessors to single applications. Current research work has produced techniques and tools to facilitate and in some cases automate the decomposition of programs to into parallel execution streams. A computer is described which exploits the removal of these barriers. The Balance 8000 is a multimicrocomputer system based on the National Semiconductor Series 32000 microprocessor. It runs DYNIX, a version of UNIX bsd 4. 2, which exploits the power of from 2 to 12 coordinated microprocessors to achieve a range of performance which approaches the sum of the performance of the individual processors.},
  address   = {New York, NY, USA},
  author    = {Rodgers, David P.},
  doi       = {10.1145/327070.327215},
  isbn      = {0818606347},
  issn      = {01497111},
  journal   = {Conference Proceedings - Annual Symposium on Computer Architecture},
  number    = {3},
  pages     = {225--231},
  publisher = {ACM},
  title     = {{Improvements in Multiprocessor System Design.}},
  url       = {http://doi.acm.org/10.1145/327070.327215},
  volume    = {13},
  year      = {1985}
}
